% Encoding: UTF-8
@STRING{cn     = {University of Bremen, Communication Networks}}
@STRING{dmrv   = {5th Nordic Seminar on Digital Mobile Radio
                  Communications (DMR V)}}

@Manual{ATmega328,
  title        = {ATmega328P DATASHEET COMPLETE},
  organization = {Atmel Corporation},
  month        = {11},
  year         = {2016},
  owner        = {Atmel Corporation},
  timestamp    = {2017-04-04},
  url          = {http://www.atmel.com/Images/Atmel-42735-8-bit-AVR-Microcontroller-ATmega328-328P_Datasheet.pdf},
}

@Book{9783836242004,
  title     = {Android 7},
  publisher = {Rheinwerk Verlag GmbH},
  year      = {2017},
  author    = {K\"unneth, Thomas},
  isbn      = {978-3836242004},
  date      = {2017-01-11},
  ean       = {9783836242004},
  pagetotal = {623},
  url       = {http://www.ebook.de/de/product/26601427/thomas_kuenneth_android_7.html},
}

@Book{9783836236485,
  title     = {Arduino},
  publisher = {Rheinwerk Verlag GmbH},
  year      = {2016},
  author    = {Kappel, Benjamin},
  isbn      = {978-3836236485},
  date      = {2016-04-11},
  ean       = {9783836236485},
  pagetotal = {672},
  url       = {http://www.ebook.de/de/product/23625249/benjamin_kappel_arduino.html},
}

@Misc{AndroidAPI,
  author    = {The Android Open Source Project},
  title     = {Android API Guides},
  owner     = {The Android Open Source Project},
  timestamp = {2017-04-04},
  url       = {https://developer.android.com/guide/index.html},
}

@Misc{TinyGPS++,
  author    = {Mikal Hart},
  title     = {TinyGPS++},
  month     = {09},
  year      = {2014},
  timestamp = {2017-04-04},
  url       = {http://arduiniana.org/libraries/tinygpsplus/},
}

@Misc{TinyGPS,
  author    = {Mikal Hart},
  title     = {TinyGPS},
  month     = {08},
  year      = {2013},
  timestamp = {2017-04-04},
  url       = {http://arduiniana.org/libraries/tinygps/},
}

@Misc{TinyGPSPlus,
  author    = {Mikal Hart},
  title     = {TinyGPSPlus},
  month     = {11},
  year      = {2013},
  abstract  = {A new, customizable Arduino NMEA parsing library},
  timestamp = {2017-04-04},
  url       = {https://github.com/mikalhart/TinyGPSPlus/releases},
}

@Misc{Ali2016,
  author    = {Tariq Ali},
  title     = {Essential Copying and Pasting From Stack Overflow},
  month     = {12},
  year      = {2016},
  abstract  = {Stack Overflow is an essential tool for the modern programmer. Learn how to utilize the latest in "crowd sourcing" technologies to help meet management deadlines.},
  timestamp = {2017-04-04},
  url       = {https://www.gitbook.com/download/pdf/book/tra38/essential-copying-and-pasting-from-stack-overflow},
}

@Standard{ECMA-404,
  title        = {The JSON Data Interchange Format},
  organization = {ecma International},
  institution  = {ecma International},
  month        = {10},
  year         = {2013},
  url          = {http://www.ecma-international.org/publications/files/ECMA-ST/ECMA-404.pdf},
  timestamp    = {2017-04-04},
}

@Standard{ASCII,
  title        = {RFC 20: ASCII format for Network Interchange},
  organization = {Internet Engineering Task Force: Network Working Group},
  institution  = {Internet Engineering Task Force: Network Working Group},
  author       = {Vint Cerf},
  language     = {English},
  month        = {10},
  year         = {1969},
  url          = {https://tools.ietf.org/html/rfc20},
  timestamp    = {2017-04-04},
}

@Manual{RFCOMM,
  title        = {RFCOMM with TS 07.10},
  organization = {ETSI},
  year         = {2002},
  timestamp    = {2017-04-07},
  url          = {https://portal.3gpp.org/desktopmodules/Specifications/SpecificationDetails.aspx?specificationId=325},
}

@Manual{AdaUltGPS,
  title        = {Adafruit Ultimate GPS},
  author       = {lady ada},
  organization = {Adafruit Industries},
  month        = {08},
  year         = {2012},
  timestamp    = {2017-04-07},
  url          = {https://learn.adafruit.com/adafruit-ultimate-gps/overview},
}

@Misc{MatlabI2C,
  author    = {MathWorks},
  title     = {Measure Temperature From I2C Device on Arduino® Hardware},
  timestamp = {2017-04-08},
  url       = {https://de.mathworks.com/help/supportpkg/arduinoio/examples/measure-temperature-from-i2c-device-on-arduino-hardware.html?prodcode=ML},
}

@Misc{FallDetector,
  author    = {Naletto, Enrico and Trumann, Eike and Fuser, Alessandro},
  title     = {Fall Detector},
  month     = {06},
  year      = {2015},
  timestamp = {2017-04-12},
  url       = {https://github.com/enriconale/FallDetector},
}

@Book{Microelettronica,
  title     = {Microelettronica},
  publisher = {McGrawHill Education},
  year      = {2013},
  author    = {Jaeger, Richard C. and Blalock, Travis N.},
  editor    = {Meneghesso, Gaudenzio and Neviani, Andrea},
  isbn      = {9788838668234},
}

@Book{MicrocontrolloriEDSP,
  title     = {Introduzione alle applicazioni industriali di microcontrollori e DSP},
  publisher = {Società Editrice Esculapio},
  year      = {2015},
  author    = {Buso, Simone},
  isbn      = {9788874888399},
}

@Misc{Material,
  title     = {Material Design},
  timestamp = {2017-04-14},
  url       = {https://material.io/},
}

@Misc{AppCompat,
  title = {Support Library Features Guide},
  url   = {https://developer.android.com/topic/libraries/support-library/features.html},
}

@Misc{AppQuality,
  title = {Core app quality},
  url   = {https://developer.android.com/develop/quality-guidelines/core-app-quality.html},
}

@Misc{internationalisation,
  title = {Supporting Different Languages and Cultures},
}

@Misc{Backup,
  title     = {Auto Backup for Apps},
  timestamp = {2017-04-16},
  url       = {https://developer.android.com/guide/topics/data/autobackup.html},
}

@Misc{GMapsAPI,
  title     = {Google Maps APIs - Maps Android API},
  timestamp = {2017-05-08},
  url       = {https://developers.google.com/maps/documentation/android-api/},
}

@Manual{JavaSpec,
  title        = {The Java Language Specification (Java SE 7 Edition)},
  author       = {Gosling, James and Joy, Bill and Steele, Guy and Bracha, Gilad and Buckley, Alex},
  organization = {Oracle America, Inc.},
  month        = {02},
  year         = {2013},
  timestamp    = {2017-05-08},
  url          = {http://docs.oracle.com/javase/specs/jls/se7/jls7.pdf},
}

@Misc{AndroidStudio,
  title     = {Android Studio - The Official IDE for Android},
  timestamp = {2017-05-08},
  url       = {https://developer.android.com/studio/index.html},
}

@Misc{CoreAppQ,
  timestamp = {2017-05-16},
  url       = {https://developer.android.com/develop/quality-guidelines/core-app-quality.html#core},
}

@Misc{NMEASentences,
  timestamp = {2017-05-23},
  url       = {http://www.nmea.de/nmea0183datensaetze.html},
}

@Misc{ArduinoJson,
  timestamp = {2017-05-23},
  url       = {https://github.com/bblanchon/ArduinoJson},
}

@Misc{aJson,
  timestamp = {2017-05-23},
  url       = {https://github.com/interactive-matter/aJson},
}

@Misc{vMicro,
  timestamp = {2017-05-23},
  url       = {http://www.visualmicro.com},
}

@Misc{UlePow,
  author    = {Ulefone Technology Co.},
  timestamp = {2017-06-05},
  url       = {http://ulefone.com/products/power/spec.html},
}

@Misc{DHTlib,
  author    = {lady ada},
  title     = {Adafruit DHT Humidity \& Temperature Unified Sensor Library},
  timestamp = {2017-06-05},
  url       = {https://github.com/adafruit/DHT-sensor-library},
}

@Manual{HC-05,
  title     = {HC Serial Bluetooth Products User Instructional Manual},
  timestamp = {2017-06-05},
  url       = {http://cdn-reichelt.de/documents/datenblatt/A300/DATENBLATTHC05_HC06.pdf},
}

@Standard{XML,
  title        = {Extensible Markup Language (XML) 1.0 (Fifth Edition)},
  organization = {World Wide Web Consortium},
  year         = {2008},
  url          = {http://www.w3.org/TR/2008/REC-xml-20081126/},
}

@Standard{CBOR,
  title        = {Concise Binary Object Representation (CBOR)},
  organization = {Internet Engineering Task Force (IETF)},
  author       = {C. Bormann and P. Hoffman},
  month        = {10},
  year         = {2013},
  url          = {https://tools.ietf.org/html/rfc7049},
}

@Misc{AdaGPS,
  title     = {Adafruit Ultimate GPS Breakout - 66 channel w/10 Hz updates - Version 3},
  timestamp = {2017-06-06},
  url       = {https://www.adafruit.com/product/746},
}

@Misc{ExtAnt,
  title     = {GPS Antenna - External Active Antenna - 3-5V 28dB 5 Meter SMA},
  timestamp = {2017-06-06},
  url       = {https://www.adafruit.com/product/960},
}

@Misc{Nexus7,
  title = {Nexus 7},
  url   = {https://www.asus.com/us/Tablets/Nexus_7/},
}

@Misc{ResurOS,
  title = {Resurrection Remix OS},
  url   = {http://www.resurrectionremix.com},
}

@Misc{MATLAB,
  title = {MATLAB - The Language of Technical Computing},
  url   = {https://www.mathworks.com/products/matlab.html},
}

@Misc{DevList,
  timestamp = {2017-06-10},
  url       = {https://developer.android.com/samples/BluetoothChat/src/com.example.android.bluetoothchat/DeviceListActivity.html},
}

@Misc{DallasTemp,
  author    = {Miles Burton},
  title     = {Arduino Library for Maxim Temperature Integrated Circuits},
  timestamp = {2017-06-10},
  url       = {https://github.com/milesburton/Arduino-Temperature-Control-Library},
}

@Misc{OW,
  author = {Jim Studt and Paul Stoffregen and others},
  title  = {Dallas Semiconductor's 1-Wire Protocol},
  url    = {http://playground.arduino.cc/Learning/OneWire},
}

@Misc{mfEDV,
  title     = {Georeferenzierte, mobile Holzaufnahme mit ForstCe},
  timestamp = {2017-06-11},
  url       = {http://www.mueller-forst-edv.de/mde.htm},
}

@Misc{topcon,
  title     = {L\"OSUNGEN F\"UR DIE DATENERFASSUNG IN JEDER GR\"OSSENORDNUNG},
  timestamp = {2017-06-11},
  url       = {https://www.topconpositioning.com/de-de/datenerfassung#panel-solution-products},
}

@Misc{gdl,
  title = {Geo Data Logger: Arduino+GPS+SD+Accelerometer to log, time-stamp, and geo-tag sensor data},
  url   = {http://www.techbitar.com/geo-data-logger.html},
}

@Misc{sensoduino,
  author = {Hazim Bitar},
  title  = {SensoDuino: Log and Transmit Android Sensors to Arduino \& PC via Bluetooth},
  url    = {http://www.techbitar.com/sensoduino.html},
}

@Misc{fritzing,
  title = {fritzing},
  url   = {http://fritzing.org/home/},
}

@Misc{f360,
  title = {Fusion 360 - 3D CAD reinvented},
  url   = {https://www.autodesk.com/products/fusion-360/overview},
}

@Misc{so1,
  url = {http://stackoverflow.com/questions/4275797/view-setpadding-accepts-only-in-px-is-there-anyway-to-setpadding-in-dp},
}

@Misc{so2,
  url = {http://stackoverflow.com/questions/2002288/static-way-to-get-context-on-android},
}

@Misc{so3,
  url = {http://stackoverflow.com/questions/29786011/how-to-fix-getactionbar-method-may-produce-java-lang-nullpointerexception},
}

@Comment{jabref-meta: databaseType:bibtex;}
